%% This BibTeX bibliography file was created using BibDesk.
%% http://bibdesk.sourceforge.net/

%% Created for Frank Schultz at 2019-08-30 12:45:02 PM +0200 


%% Saved with string encoding Unicode (UTF-8) 



@article{Krishna2011,
	Author = {B.T. Krishna},
	Date-Added = {2019-08-30 12:38:13 PM +0200},
	Date-Modified = {2019-08-30 12:44:49 PM +0200},
	Journal = {Signal Processing},
	Month = {March},
	Number = {3},
	Pages = {386-426},
	Title = {Studies on fractional order differentiators and integrators: A survey},
	Volume = {91},
	Year = {2011}}

@article{Tseng2000,
	Author = {Chien-Cheng Tseng AND Soo-Chang Pei AND Shih-Chang Hsia},
	Date-Added = {2019-08-30 12:32:24 PM +0200},
	Date-Modified = {2019-08-30 12:45:02 PM +0200},
	Journal = {Signal Processing},
	Month = {January},
	Number = {1},
	Pages = {151-159},
	Title = {Computation of fractional derivatives using {Fourier} transform and digital {FIR} differentiator},
	Volume = {80},
	Year = {2000}}

@article{Meyer1984a,
	Author = {David G. Meyer},
	Journal = {J. Audio Eng. Soc.},
	Number = {10},
	Owner = {fs446},
	Pages = {747-754},
	Timestamp = {2014.10.19},
	Title = {Digital Control of Loudspeaker Array Directivity},
	Volume = {32},
	Year = {1984}}

@article{Meyer1990,
	Author = {David G. Meyer},
	Journal = {J. Audio Eng. Soc.},
	Number = {4},
	Owner = {fs446},
	Pages = {237-249},
	Timestamp = {2013.10.08},
	Title = {Multiple-Beam, Electronically Steered Line-Source Arrays for Sound-Reinforcement Applications},
	Volume = {38},
	Year = {1990}}

@article{Hansen1974_1,
	Author = {Villy Hansen AND Erik R. Madsen},
	Date-Added = {2019-08-28 1:03:45 PM +0200},
	Date-Modified = {2019-08-28 1:05:09 PM +0200},
	Journal = {J. Audio Eng. Soc.},
	Month = {January/February},
	Number = {1},
	Pages = {10-14},
	Title = {On Aural Phase Detection},
	Volume = {22},
	Year = {1974}}

@article{Hansen1974_2,
	Author = {Villy Hansen AND Erik R. Madsen},
	Date-Added = {2019-08-28 1:00:50 PM +0200},
	Date-Modified = {2019-08-28 1:05:22 PM +0200},
	Journal = {J. Audio Eng. Soc.},
	Month = {December},
	Number = {10},
	Pages = {783-788},
	Title = {On Aural Phase Detection: Part II},
	Volume = {22},
	Year = {1974}}

@article{Suzuki1980,
	Author = {Hideo Suzuki AND Shigeru Morita AND Takeo Shindo},
	Date-Added = {2019-08-28 11:14:53 AM +0200},
	Date-Modified = {2019-08-28 11:16:15 AM +0200},
	Journal = {J. Audio Eng. Soc.},
	Month = {September},
	Number = {9},
	Pages = {570-574},
	Title = {On the Perception of Phase Distortions},
	Volume = {28},
	Year = {1980}}

@article{Moeller2007,
	Author = {H. M{\o}ller AND P. Minnaar AND S. K. Olesen AND F. Christensen AND J. Plogsties},
	Date-Added = {2019-08-28 11:12:00 AM +0200},
	Date-Modified = {2019-08-28 11:13:26 AM +0200},
	Journal = {J. Audio Eng. Soc.},
	Month = {March},
	Number = {3},
	Pages = {115-134},
	Title = {On the Audibility of All-Pass Phase in Electroacoustical Transfer Functions},
	Volume = {55},
	Year = {2007}}

@article{Blauert1978,
	Author = {J. Blauert AND P. Laws},
	Date-Added = {2019-08-28 11:08:47 AM +0200},
	Date-Modified = {2019-08-28 11:10:21 AM +0200},
	Journal = {J. Acoust. Soc. Am.},
	Number = {5},
	Pages = {1478-1483},
	Title = {Group Delay Distortions in Electroacoustical Systems},
	Volume = {63},
	Year = {1978}}

@article{Lipshitz1982,
	Author = {Stanley P. Lipshitz AND Mark Pocock AND John Vanderkooy},
	Date-Added = {2019-08-28 11:01:27 AM +0200},
	Date-Modified = {2019-08-28 11:06:31 AM +0200},
	Journal = {J. Audio Eng. Soc.},
	Month = {September},
	Number = {9},
	Pages = {580-595},
	Title = {On the Audibility of Midrange Phase Distortion in Audio Systems},
	Volume = {30},
	Year = {1982}}

@techreport{ITU1770,
	Author = {{Recommendation ITU-R BS.1770-4}},
	Date-Added = {2019-08-27 10:34:30 AM +0200},
	Date-Modified = {2019-08-27 10:37:21 AM +0200},
	Institution = {{ITU}},
	Title = {Algorithms to Measure Audio Programme Algorithms to Measure Audio Programme Loudness and True-peak Audio Level},
	Year = {2017}}

@article{Schoeffler2018,
	Author = {Michael Schoeffler AND Sarah Bartoschek AND Fabian-Robert St{\"o}ter AND Marlene Roess AND Susanne Westphal AND Bernd Edler AND J{\"u}rgen Herre},
	Date-Added = {2019-08-07 4:23:55 PM +0200},
	Date-Modified = {2019-08-07 4:26:53 PM +0200},
	Doi = {https://doi.org/10.5334/jors.187},
	Journal = {J. Open Res. Softw.},
	Number = {1},
	Pages = {8},
	Title = {{webMUSHRA}---A Comprehensive Framework for Web-based Listening Tests},
	Volume = {6},
	Year = {2018},
	Bdsk-Url-1 = {https://doi.org/10.5334/jors.187}}

@article{Brinkmann2017,
	Author = {Fabian Brinkmann AND Alexander Lindau AND Stefan Weinzierl},
	Date-Added = {2019-08-07 4:00:38 PM +0200},
	Date-Modified = {2019-08-07 4:02:12 PM +0200},
	Journal = {J. Acoust. Soc. Am.},
	Month = {October},
	Number = {4},
	Pages = {1784-1795},
	Title = {On the Authenticity of Individual Dynamic Binaural Synthesis},
	Volume = {142},
	Year = {2017}}

@book{Howell2013,
	Address = {Belmont},
	Author = {David C. Howell},
	Date-Added = {2019-07-30 2:50:27 PM +0200},
	Date-Modified = {2019-08-28 10:59:07 PM +0200},
	Edition = {8.},
	Publisher = {Wadsworth, Cengage Learning},
	Title = {Statistical Methods for Psychology},
	Year = {2013}}

@article{faul2007,
	Author = {Franz Faul AND Edgar Erdfelder AND Albert-Georg Lang AND Axel Buchner},
	Journal = {Behavior Research Methods},
	Number = {2},
	Pages = {175-191},
	Title = {{G*Power 3}: A Flexible Statistical Power Analysis Program for the Social, Behavioral, and Biomedical Sciences},
	Volume = {38},
	Year = {2007}}

@book{abramowitz,
	Address = {New York},
	Author = {Milton Abramowitz AND Irene A. Stegun},
	Date-Modified = {2019-08-28 11:00:20 PM +0200},
	Publisher = {Dover},
	Title = {Handbook of Mathematical Functions},
	Year = {1970}}

@article{berkhout1988,
	Author = {Berkhout, Augustinus J},
	Journal = {Jour. Audio Eng. Soc. (JAES)},
	Number = {12},
	Pages = {977--995},
	Publisher = {Audio Engineering Society},
	Title = {A Holographic Approach to Acoustic Control},
	Volume = {36},
	Year = {1988}}

@phdthesis{debruijn2004,
	Author = {De Bruijn, Werner Paulus Josephus},
	School = {Delft University of Technology},
	Title = {Application of Wave Field Synthesis in Videoconferencing},
	Year = {2004}}

@book{girod2001,
	Author = {Girod, B. and Stenger, A. and Rabenstein, R.},
	Publisher = {Wiley},
	Title = {Signals and systems},
	Year = {2001}}

@book{hahn1996hilbert,
	Address = {Boston},
	Author = {Hahn, Stefan L},
	Date-Modified = {2019-08-28 10:56:41 PM +0200},
	Publisher = {Artech House},
	Title = {{Hilbert} Transforms in Signal Processing},
	Year = {1996}}

@article{lohmann1996,
  title={Fractional {Hilbert} transform},
  author={Lohmann, Adolf W and Mendlovic, David and Zalevsky, Zeev},
  journal={Opt. Lett.},
  volume={21},
  number={4},
  pages={281--283},
  year={1996},
  publisher={Optical Society of America}
}

@book{oppenheim,
	Address = {Upper Saddle River},
	Author = {Alan V. Oppenheim AND Ronald W. Schafer AND John R. Buck},
	Date-Modified = {2019-08-28 10:57:27 PM +0200},
	Publisher = {Prentice Hall},
	Title = {Discrete-Time Signal Processing},
	Year = {1999}}

@inproceedings{salvador2010,
	Address = {London},
	Author = {Salvador, C},
	Booktitle = {Proc. 128th Audio Eng. Soc. Conv.},
	Date-Modified = {2019-08-28 10:53:33 PM +0200},
	Title = {Wave Field Synthesis Using Fractional Order Systems and Fractional Delays},
	Year = {2010}}

@book{schlichtharle2014,
	Author = {Schlichtharle, Dietrich},
	Publisher = {Springer},
	Title = {Digital Filters},
	Year = {2014}}

@inproceedings{schultz2013daga,
	Address = {Meran},
	Author = {Schultz, F. and Erbes, V. and Spors, S. and Weinzierl, S.},
	Booktitle = {Proc. AIA-DAGA},
	Date-Modified = {2019-08-28 10:54:45 PM +0200},
	Title = {Derivation of {IIR}-pre-filters for Soundfield Synthesis Using Linear Secondary Source Distributions},
	Year = 2013}

@phdthesis{schultz2016diss,
	Author = {Schultz, Frank},
	Date-Modified = {2019-08-28 10:50:32 PM +0200},
	School = {University of Rostock},
	Title = {Sound Field Synthesis for Line Source Array Applications in Large-Scale Sound Reinforcement},
	Year = {2016}}

@inproceedings{sfsmatlab,
	Address = {Budapest, Hungary},
	Author = {Wierstorf, Hagen and Spors, Sascha},
	Booktitle = {Proc. 132nd Audio Eng. Soc. (AES) Conv.},
	Title = {{Sound Field Synthesis Toolbox}},
	Year = {2012}}

@phdthesis{sonke2000,
	Author = {Sonke, Jan-Jakob},
	School = {Delft University of Technology},
	Title = {Variable Acoustics by Wave Field Synthesis},
	Year = {2000}}

@inproceedings{spors2008revisited,
	Address = {Amsterdam},
	Author = {Spors, S. and Rabenstein, R. and Ahrens, J.},
	Booktitle = {Proc. 124th Audio Eng. Soc. Conv.},
	Date-Modified = {2019-08-28 10:51:15 PM +0200},
	Title = {The Theory of Wave Field Synthesis Revisited},
	Year = {2008}}

@inproceedings{spors2010,
	Address = {London},
	Author = {Spors, S. and Ahrens, J.},
	Booktitle = {Proc. 128th Audio Eng. Soc. Conv.},
	Date-Modified = {2019-08-28 10:51:49 PM +0200},
	Title = {Analysis and Improvement of Pre-equalization in 2.5-dimensional Wave Field Synthesis},
	Year = 2010}

@phdthesis{vogel1993,
	Author = {Vogel, Peter},
	School = {Delft University of Technology},
	Title = {Application of Wave Field Synthesis in Room Acoustics.},
	Year = {1993}}

@phdthesis{wierstorf2014diss,
	Author = {Wierstorf, Hagen},
	Date-Modified = {2019-08-28 10:52:18 PM +0200},
	School = {Technische Universit{\"a}t Berlin},
	Title = {Perceptual Assessment of Sound Field Synthesis},
	Year = {2014}}

@inproceedings{winter2017daga,
	Address = {Kiel, Germany},
	Author = {Winter, Fiete and Spors, Sascha},
	Booktitle = {Proc. German Annu. Conf. Acoust. (DAGA)},
	Month = mar,
	Pages = {1134--1137},
	Title = {Time-Domain Realisations of 2.5-Dimensional Local Sound Field Synthesis},
	Year = 2017}

@phdthesis{winter2019diss,
	Author = {Winter, Fiete},
	School = {University of Rostock},
	Title = {Local Sound Field Synthesis},
	Year = {2019~(to be appear)}}

@inproceedings{zotter2013,
  title={Is sound field control determined at all frequencies? {How} is it related to numerical acoustics?},
  author={Zotter, Franz and Spors, Sascha},
  booktitle={Proc. 52nd Int. Conf. Audio Eng. Soc. (AES)},
  year={2013},
}
